@inproceedings{DCTCP,
 author = {Alizadeh, Mohammad and Greenberg, Albert and Maltz, David A. and Padhye, Jitendra and Patel, Parveen and Prabhakar, Balaji and Sengupta, Sudipta and Sridharan, Murari},
 title = {Data center TCP (DCTCP)},
 booktitle = {Proceedings of the ACM SIGCOMM 2010 conference},
 series = {SIGCOMM '10},
 year = {2010},
 isbn = {978-1-4503-0201-2},
 location = {New Delhi, India},
 pages = {63--74},
 numpages = {12},
 url = {http://doi.acm.org/10.1145/1851182.1851192},
 doi = {10.1145/1851182.1851192},
 acmid = {1851192},
 publisher = {ACM},
 address = {New York, NY, USA},
 keywords = {ECN, TCP, data center network},
} 

@inproceedings{XenCredit,
  title = {Enhancement of Xen s scheduler for MapReduce workloads},
  author = {Hui Kang and Yao Chen and Jennifer L. Wong and Radu Sion and Jason Wu},
  year = {2011},
  booktitle = {HPDC}
}

@inproceedings{Mesos,
 author = {Hindman, Benjamin and Konwinski, Andy and Zaharia, Matei and Ghodsi, Ali and Joseph, Anthony D. and Katz, Randy and Shenker, Scott and Stoica, Ion},
 title = {Mesos: a platform for fine-grained resource sharing in the data center},
 booktitle = {NSDI},
 year = {2011}
} 

@inproceedings{DryadLINQ,
  title = {DryadLINQ: A System for General-Purpose Distributed Data-Parallel Computing Using a High-Level Language},
  author = {Yuan Yu and Michael Isard and Dennis Fetterly and Mihai Budiu and Ãšlfar Erlingsson and Pradeep Kumar Gunda and Jon Currey},
  year = {2008},
  booktitle = {OSDI}
}

@inproceedings{Piccolo,
  author = {Russell Power and Jinyang Li},
  title = {Piccolo: Building Fast, Distributed Programs with Partitioned Tables},
  booktitle = {OSDI},
  year = {2010}
}

@techreport{Zaharia.FairScheduler,
    Author = {Zaharia, Matei and Borthakur, Dhruba and Sen Sarma, Joydeep and Elmeleegy, Khaled and Shenker, Scott and Stoica, Ion},
    Title = {Job Scheduling for Multi-User MapReduce Clusters},
    Institution = {Berkeley},
    Year = {2009}
}


@inproceedings{BurstinessDef,
  title = {How to parameterize models with bursty workloads},
  author = {Giuliano Casale and Ningfang Mi and Ludmila Cherkasova and Evgenia Smirni},
  year = {2008},
  journal = {SIGMETRICS}
}

@inproceedings{deq,
  title = {Adaptive Scheduling with Parallelism Feedback},
  author = {Kunal Agrawal and Yuxiong He and Wen-Jing Hsu and Charles E. Leiserson},
  year = {2007},
  booktitle = {IPDPS}
}

@article{DRR,
  title = {Efficient fair queueing using deficit round-robin},
  author = {M. Shreedhar and George Varghese},
  year = {1996},
  journal = {IEEE/ACM Transaction on Networking},
  volume = {4},
  number = {3},
  pages = {375-385}
}

@inproceedings{DRF,
    title = {Dominant Resource Fairness: Fair Allocation of Multiple Resource Types},
    author = {Ghodsi, Ali and Zaharia, Matei and Hindman, Benjamin and Konwinski, Andrew and Shenker, Scott and Stoica, Ion},
    year = {2011},
    booktitle = {NSDI}
}


@inproceedings{Quincy,
  title = {Quincy: fair scheduling for distributed computing clusters},
  author = {Michael Isard and Vijayan Prabhakaran and Jon Currey and Udi Wieder and Kunal Talwar and Andrew Goldberg},
  year = {2009},
  booktitle = {SOSP 2009}
}

@misc{HadoopFair,
  title = {Hadoop Fair Scheduler},
  howpublished = {\\http://hadoop.apache.org/common/docs/r1.0.3/fair\_scheduler.html},
}

@misc{HadoopCapacity,
  title = {Hadoop Capacity Scheduler},
  howpublished = {\\http://hadoop.apache.org/common/docs/current/hadoop\-yarn/hadoop-yarn-site/CapacityScheduler.html},
}

@misc{Hadoop,
  title = {Hadoop project},
  howpublished = {http://hadoop.apache.org/}
}

@misc{desmoj,
  title = {A Framework for Discrete-Event Modelling and Simulation},
  howpublished = {\\http://desmoj.sourceforge.net/home.html}
}

@inproceedings{DelayScheduling,
 Author = {Zaharia, Matei and Borthakur, Dhruba and Sen Sarma, Joydeep and Elmeleegy, Khaled and Shenker, Scott and Stoica, Ion},
 title = {Delay scheduling: a simple technique for achieving locality and fairness in cluster scheduling},
 booktitle = {EuroSys},
 year = { 2010}
} 

@article{MapReduce,
 author = {Dean, Jeffrey and Ghemawat, Sanjay},
 title = {MapReduce: simplified data processing on large clusters},
 journal = {Commun. ACM},
 volume = {51},
 number = {1},
 month = {jan},
 year = {2008},
 pages = {107--113}
} 

@inproceedings{Dryad,
 author = {Isard, Michael and Budiu, Mihai and Yu, Yuan and Birrell, Andrew and Fetterly, Dennis},
 title = {Dryad: distributed data-parallel programs from sequential building blocks},
 booktitle = {Eurosys },
 year = {2007}
} 

@article{DryadJournal,
 author = {Isard, Michael and Budiu, Mihai and Yu, Yuan and Birrell, Andrew and Fetterly, Dennis},
 title = {Dryad: distributed data-parallel programs from sequential building blocks},
 journal = {SIGOPS Oper. Syst. Rev.},
 volume = {41},
 number = {3},
 month = {mar},
 year = {2007},
 pages = {59--72}
}

@misc{CosmosSlides,
  title = {Cosmos, Big Data and Big Challenges},
  howpublished = {http://www.stanford.edu/class/ee380/Abstracts/111026a-Helland-COSMOS.pdf}
}

@inbook{pareto,
   author = {Fudenberg, Drew and Tirole, Jean},
   title = {Game theory},
   publisher = {MIT Press},
   year = {Oct. 1991}
}

@article {VCG,
author = {Vickrey, William},
title = {Counterspeculation, Auctions, and Competitive Sealed Tenders},
journal = {The Journal of Finance},
volume = {16},
number = {1},
pages = {8--37},
year = {1961}
}

@inbook{MaxMin,
 author = {Keshav, S.},
 title = {An engineering approach to computer networking: ATM networks, the Internet, and the telephone network},
 year = {1997}

}

@article{Cosmos,
 author = {Chaiken, Ronnie and Jenkins, Bob and Larson, Per-\AAke and Ramsey, Bill and Shakib, Darren and Weaver, Simon and Zhou, Jingren},
 title = {SCOPE: easy and efficient parallel processing of massive data sets},
 journal = {Proc. VLDB Endow.},
 issue_date = {August 2008},
 volume = {1},
 number = {2},
 year = {2008},
 pages = {1265--1276}
} 

@article{McCannVaZa93,
 author = {McCann, Cathy and Vaswani, Raj and Zahorjan, John},
 title = {A dynamic processor allocation policy for multiprogrammed shared-memory multiprocessors},
 journal = {ACM Trans. Comput. Syst.},
 volume = {11},
 number = {2},
 year = {1993},
 pages = {146--178}
} 
